<?xml version="1.0" encoding="UTF-8"?><record xmlns="http://www.loc.gov/MARC21/slim" xmlns:cinclude="http://apache.org/cocoon/include/1.0" xmlns:zs="http://www.loc.gov/zing/srw/">
  <leader>00657cz  a2200169n  4500</leader>
  <controlfield tag="001">n  85225549 </controlfield>
  <controlfield tag="003">DLC</controlfield>
  <controlfield tag="005">20000531064548.0</controlfield>
  <controlfield tag="008">850913n| acannaabn          |a aaa      </controlfield>
  <datafield tag="010" ind1=" " ind2=" ">
    <subfield code="a">n  85225549 </subfield>
  </datafield>
  <datafield tag="035" ind1=" " ind2=" ">
    <subfield code="a">(OCoLC)oca01435390</subfield>
  </datafield>
  <datafield tag="040" ind1=" " ind2=" ">
    <subfield code="a">DLC</subfield>
    <subfield code="b">eng</subfield>
    <subfield code="c">DLC</subfield>
    <subfield code="d">DLC</subfield>
    <subfield code="d">OCoLC</subfield>
  </datafield>
  <datafield tag="100" ind1="1" ind2=" ">
    <subfield code="a">Mora Donoso, Alvaro</subfield>
  </datafield>
  <datafield tag="400" ind1="1" ind2=" ">
    <subfield code="a">Donoso, Alvaro Mora</subfield>
  </datafield>
  <datafield tag="400" ind1="1" ind2=" ">
    <subfield code="a">Mora D., Alvaro</subfield>
    <subfield code="q">(Mora Donoso)</subfield>
  </datafield>
  <datafield tag="670" ind1=" " ind2=" ">
    <subfield code="a">Orrego Salazar, G. Biografi휍혖a de Claudio Arrau y los grandes maestros de la mu휍혖sica, 1984?:</subfield>
    <subfield code="b">p. 6 (Alvaro Mora Donoso)</subfield>
  </datafield>
  <datafield tag="670" ind1=" " ind2=" ">
    <subfield code="a">Edwards C., H. Monumentos nacionales y arquitectura tradicional, 1990?:</subfield>
    <subfield code="b">t.p. (Alvaro Mora D.) flap of cover (Alvaro Mora Donoso)</subfield>
  </datafield>
</record>